%Manuals
@MANUAL{quanserAeroUserManual,
organization={Quanser Inc.},
title={Quanser Aero User Manual},
address={Markham,Ontario},
year={2016},}

@MANUAL{aeroIntegrationWorkbook,
organization={Quanser Inc.},
title={Aero Integration Workbook},
address={Markham,Ontario},
year={2016},}

@MANUAL{LQR_Lab_Guide,
organization={Quanser Inc.},
title={Aero 2 DOF Laboratory Guide},
address={Markham,Ontario},
year={2016},
note={pgs. 26-39},}

%Research Papers
@ARTICLE{Paulo2017,
author={S. Paulo},
title={4DOF quadcopter: development, modeling and control},
year={2017},}

@ARTICLE{Hernandez-Gonzalez2012,
author={M. Hernandez-Gonzalez and A.Y. Alanis and E.A. Hernandez-Vargas},
title={Decentralized discrete-time neural control for a Quanser 2-DOF helicopter},
journal={Applied Soft Computing},
year={2012},}

@ARTICLE{Méndez-Monroy2012,
author={P. Méndez-Monroy, H. Benítez-Pérez},
title={Fuzzy control with estimated variable sampling period for non-linear networked control systems: 2-DOF helicopter as case study},
journal={Transactions of the Institute of Measurement},
year={2012},
month={October},
volume={no. 7},}

@CONFERENCE{Neto,
author={G.G. Neto and F.S. Barbosa and B.A. Ang\'{e}lico},
title={2-DOF helicopter controlling by pole-placement},
booktitle={....},
year={....}}

@CONFERENCE{Gao2016,
author={Weinan Gao and Zhong-Ping Jiang},
title={Data-driven adaptive optimal output-feedback control of a 2-DOF helicopter},
booktitle={American Control Conference},
year={2016},
address={Boston Marriott Copley Place, Boston, MA, USA},
month={July},}

%Others
@UNPUBLISHED{LAST_YEAR_REPORT,
author={A. Birge and A. Fandel},
title={Experiments on 2-DOF helicopter using approximate dynamic programming},
year={2018},
note={Published in Department of ECE, Bradley Unviersity, Peoria, USA},
}

@MISC{QuanserAerofig,
title={Quanser Aero Figure},
note={\url{https://www.quanser.com/products/quanser-aero/}},}