% Miah's Paper
% Value iteration based approximate dynamic programming for mobile robot trajectory with persistent inputs

%Research Papers
@ARTICLE{Paulo2017,
author={S. Paulo},
title={4DOF quadcopter: development, modeling and control},
year={2017},}

@ARTICLE{Hernandez-Gonzalez2012-Decentralized,
author={M. Hernandez-Gonzalez and A.Y. Alanis and E.A. Hernandez-Vargas},
title={Decentralized discrete-time neural control for a Quanser 2-DOF helicopter},
journal={Applied Soft Computing},
year={2012},}

@ARTICLE{Mendez-Monroy2012-Fuzzy,
author={P. Méndez-Monroy and H. Benítez-Pérez},
title={Fuzzy control with estimated variable sampling period for non-linear networked control systems: 2-DOF helicopter as case study},
journal={Transactions of the Institute of Measurement},
year={2012},
month={October},
volume={no. 7},}




@INPROCEEDINGS{Luukkonen2011-Modeling, 
author={Teppo Luukkonen}, 
booktitle={2014 American Control Conference}, 
title={Modelling and control of quadcopter}, 
year={2011}, 
volume={Aalto School of Science}, 
number={}, 
pages={}, 
keywords={PD control;attitude control;control system synthesis;helicopters;position control;vehicle dynamics;PD controller design;actuated controls;flying modes;hovering modes;navigation capability;orientation control;over-actuated flying vehicle;position control;quadrotor aerial vehicle;rotor tilt-angle;single axis tilting quadcopter control;single axis tilting quadcopter modeling;tilting rotor quadcopter dynamic model;vehicle orientation angle;Equations;Mathematical model;Propellers;Rotors;Trajectory;Vehicle dynamics;Vehicles;Control applications;Flight control;Modeling and simulation}, 
doi={}, 
ISSN={}, 
month={June},}

@INPROCEEDINGS{DArpino2010, 
author={C. Pérez-D'Arpino and W. Medina-Meléndez and L. Fermín-León and J. M. Bogado and R. R. Torrealba and G. Fernández-López}, 
booktitle={2010 IEEE International Conference on Robotics and Automation}, 
title={Generalized Bilateral MIMO Control by States Convergence with time delay and application for the teleoperation of a 2-DOF helicopter}, 
year={2010}, 
pages={5328-5333}, 
month={May},}

@INPROCEEDINGS{Gopalakrishnan-QUADCOPTER,
author={Eswarmurthi Gopalakrishnan},
booktitle={Czech Technical University - Department of Control Engineering},
title={QUADCOPTER FLIGHT MECHANICS MODEL AND CONTROL ALGORITHMS},
year={2016},
volume={},
number={},
pages={},
keywords={autonomous aerial vehicles;collision avoidance;decentralised control;linear systems;motion control;predictive control;sampling methods;stability;time-varying systems;LTV MPC controller;UAV formation;angle;autonomous navigation;collision avoidance constraint;control hierarchy;convex under-approximation;decentralized linear time-varying model predictive control;decentralized scheme;dynamical model;formation flying;hierarchical MPC approach;hierarchical control;hybrid MPC scheme;leader-follower approach;local linear time-invariant MPC controller;motor thrust;path planning;position;quadcopter type;sampling rate;stabilization;unmanned aerial vehicle formation;Collision avoidance;Mathematical model;Navigation;Trajectory;Vectors;Vehicle dynamics;Vehicles},
doi={10.1109/CDC.2011.6160521},
ISSN={0191-2216},
month={May},}

% 2-Sliding Mode Based Robust Control for 2 DOF Helicopter
@INPROCEEDINGS{Ahmed2010-Sliding, 
author={Q. Ahmed and A. I. Bhatti and S. Iqbal and I. H. Kazmi}, 
booktitle={2010 11th International Workshop on Variable Structure Systems (VSS)}, 
title={2-sliding mode based robust control for 2-DOF helicopter}, 
year={2010}, 
pages={481-486}, 
keywords={aircraft control;helicopters;perturbation techniques;robust control;torque control;variable structure systems;2-DOF helicopter;2-SMC;2-sliding mode based robust control;helicopter flight;mass distribution variation;perturbation technique;super twisting based 2-sliding mode control;unwanted torques;Azimuth;Blades;Character generation;Control systems;Gravity;Helicopters;Linearization techniques;Predictive control;Robust control;Torque}, 
doi={10.1109/VSS.2010.5544531}, 
ISSN={2158-3978}, 
month={June},}

% Fuzzy Model-Based Output-Tracking Control for 2 DOF Helicopter
@ARTICLE{Chang2017-Fuzzy,
author = {W. Chang and J.H. Moon and H.J. Lee},
title = {Fuzzy Model-Based Output-Tracking Control for 2 Degree-of-Freedom Helicopter},
journal = {Journal of Electrical Engineering Technology},
year = {2017},
volume = {12.00},
number = {1},
note = {Quanser product(s): 2 DOF Helicopter},
institution = {Inha University, Korea},
issn = {1975-0102},
keywords = {Experimental helicopter, fuzzy model, output tracking, stability},
language = {English},
pages = {1921-1928},}

% Recurrent Interval Type-2 Fuzzy Control of 2-DOF Helicopter With Finitie Time Training Algorithm
@INPROCEEDINGS{Kayacan2016-Fuzzy, 
author={E. Kayacan and M.A. Khanesar}, 
booktitle={IFAC-PapersOnLine}, 
title={Recurrent interval type-2 fuzzy control of 2-DOF helicopter with finite time training algorithm}, 
year={2016}, 
pages={293-299}, 
doi={10.1016/j.ifacol.2016.07.977}, 
month={July},}

% Data-Driven Adaptive Optimal Output-Feedback Control of a 2 DOF Helicopter
@INPROCEEDINGS{Gao2016-DataDriven, 
author={W. Gao and Z. P. Jiang}, 
booktitle={2016 American Control Conference (ACC)}, 
title={Data-driven adaptive optimal output-feedback control of a 2-DOF helicopter}, 
year={2016}, 
pages={2512-2517}, 
keywords={adaptive control;aircraft control;convergence of numerical methods;dynamic programming;feedback;helicopters;optimal control;sampled data systems;stability;2-DOF helicopter;Quanser 2-degree-of-freedom helicopter;bounded model uncertainties;convergence;data-driven adaptive optimal output-feedback control;input-output information;optimal control gain;sampled-data-based approximate-adaptive dynamic programming;sampling period;stabilizing controller;Algorithm design and analysis;Computational modeling;Convergence;Helicopters;Mathematical model;Optimal control;Uncertainty}, 
doi={10.1109/ACC.2016.7525294}, 
month={July},}

% Decentralized discrete-time neural control for a Quanser 2-DOF helicopter
@INPROCEEDINGS{Hernandez2012-Decentralized, 
author={M. Hernandez-Gonzalez and A.Y. Alanis and E.A. Hernandez-Vargas},
booktitle={Applied Soft Computing}, 
title={Decentralized discrete-time neural control for a Quanser 2-DOF helicopter}, 
year={2012}, 
pages={2462-2469}, 
doi={10.1016/j.asoc.2012.02.016}, 
month={February},}

% Reinforcement learning based computational adaptive optimal control and system identification for linear systems
@INPROCEEDINGS{Subbarao2016-Reinforcement, 
author={K. Subbarao and P. Nuthi. and G. Atmeh}, 
booktitle={Annual Reviews in Control}, 
title={Reinforcement learning based computational adaptive optimal control and system identification for linear systems}, 
year={2016}, 
pages={319-331}, 
doi={10.1016/j.arcontrol.2016.09.021}, 
month={September},}

% Robust MRAC augmented baseline LQR for tracking control of 2-DOF helicopter
@INPROCEEDINGS{Subramanian2016-Robust, 
author={R.G. Subramanian and V.K. Elumalai}, 
booktitle={Robotics and Autonomous Systems}, 
title={Robust MRAC augmented baseline LQR for tracking control of 2-DOF helicopter}, 
year={2016}, 
pages={70-77}, 
doi={10.1016/j.robot.2016.08.004}, 
month={August},},}